% references for the IEEEtran.bst documentation
% the distribution site for IEEEtran.bst
@book {AM,
    AUTHOR = {Atiyah, M. F. and Macdonald, I. G.},
     TITLE = {Introduction to commutative algebra},
 PUBLISHER = {Addison-Wesley Publishing Co., Reading, Mass.-London-Don
              Mills, Ont.},
      YEAR = {1969},
     PAGES = {ix+128},
}
@book{LAM,
  author="Lamport, L.",
  title="\LaTeX: A Document Preparation System",
  edition = "2",
  publisher="Addison-Wesley",
  address="Reading, Massachusetts",
  year="1994"
}

@Book{SDSUthesismanual,
  editor         = {Linda Kilroy},
  title = 	 {{SDSU} Dissertation and Thesis Manual: 
                   Policies, Procedures and Format},
  publisher = {San Diego State University},
  year = 	 {2004},
}


@Misc{SDSUMath_thesis,
  author        = "J. Lebl and M. E. {O'S}ullivan",
  title         = "San {D}iego {S}tate {\LaTeX} template",
  month         = "Mar.",
 year          =  "2006",
  note         =  "\verb+http://www.math.sdsu.edu/dept_resources.htm+",
}

@Book{Gra,
  author = 	 {George Gr\:atzer},
  title = 	 {Math into {\LaTeX}},
  publisher = 	 {Birkhauser},
  year = 	 {2000},
  edition = 	 {3},
}
@Misc{microbio_resources,
  author        = "Schneider Lab",
  title         = "{\LaTeX\ Style and {\sc Bib}\TeX\ Bibliography Formats for 
                    Molecular Biologists: TeX and LaTeX Resources}",
   year          = "2006",
  note          = "\verb+http://www.lecb.ncifcrf.gov/~toms/latex.html+, accessed Mar. 2006"
}


@Misc{indian_tutorial,
  author        = "{Indian \TeX Users Group}",
  title         = "The {IEEE} Website",
   year          = "2003",
  note          = "\verb+http://www.tug.org.in/tutorials.html+, accessed Mar. 2006"
}
@Misc{uiuc_tutorial,
  author        = "A. J. Hildebrand",
  title         = "{ {\TeX} Tips and Resources}",
  
  year          = "2005",
  note          = "\verb+http://www.math.uiuc.edu/~hildebr/tex+,accessed Mar. 2006"
}

@article{ART,
  author="Abraham, T.",
  title="Mathematical study of $\gamma$-rings in a {H}ilbert space",
  journal="J. Math. Anal. Appl.",
  volume="19",
  pages="125-128",
  year="1984"
}
@incollection{INC,
  author ="Bach, B. J.",
  title = "Homotopy theory for the delay differential equation $\dot
		 y(t) = {A}y(t-\tau)$",
  booktitle = "Concepts in differential equations",
  editor = "Neuerfeldt,F.",
  publisher = "Academic Press",
  address = "Washington, D.C.",
  volume = "2",
  pages = "807-876",
  year = "1987"
}

@book{BOK,
  author="Bankhead, G. T.",
  title="Modeling and Control in the Mathematical Sciences",
  series="Lecture Notes in Mathematics",
  volume="69",
  publisher="Springer",
  address="Berlin",
  year="1975"
}

@techreport{TEC,
  author="Simon, I. T. and McGeorge, A. M.",
  title="Integration of large {B}essel functions",
  number="284",
  institution="San Diego State University",
  address="San Diego, CA",
  year="1989"
}
@inbook{INB,
  author="DeWitt, R.",
  title="Abstract Functional Equations for Fluids",
  chapter="9",
  pages="274-293",
  publisher="Addison-Wesley",
  address="New York",
  year="1983"
}
@inproceedings{INP,
  author="Stuart, B. W.",
  title="Contour mappings over closed ${\Omega}$-groups",
  booktitle="Complex Algebras",
  editor="Avery, G. V.",
  organization="SIAM",
  address="Philadelphia, PA",
  year="1987"
}
@mastersthesis{MTH,
  author="Finknoddle, H. B.",
  title="Random processes for $\alpha$-surds in a complex topology",
  school="San Diego State University",
  address="San Diego, CA",
  year="1990"
}
@proceedings{PRO,
  title="Proceedings of the Conference on Mathematical Population
    Genetics",
  editor="Axelrod, P. and Snow, C. P.",
  publisher="Marcel Dekker",
  address="New York",
  year="1982"
}
@unpublished{UNP,
  author="Slemrod, J. K.",
  title="${P}$-infinity norms in the physical sciences",
  note="Unpublished report",
  year="1990"
}
@article{MJV,
  author="Mahaffy, J. M. and Jorgensen, D. A. and Vanderheyden, R. L.",
  title="Oscillations in a model of repression with external control",
  journal="Quart.\ Appl.\ Math.",
  volume="50",
  pages="415-435",
  year="1992"
}
@booklet{BKL,
  key="Writing Style",
  title="Writing Style for the Mathematical Sciences",
  howpublished="AMS",
  address="Providence, RI",
  year="1979"
}







